<record><leader>00000cas a22000007a 4500</leader><controlfield tag="001">16102712</controlfield><controlfield tag="008">870629d19121924msuwr ne      0    0eng d</controlfield><datafield ind1=" " ind2=" " tag="010"><subfield code="a">sn 87065452 </subfield></datafield><datafield ind1=" " ind2=" " tag="040"><subfield code="a">MJA</subfield><subfield code="b">eng</subfield><subfield code="c">MJA</subfield><subfield code="d">MSJ</subfield><subfield code="d">OCLCQ</subfield></datafield><datafield ind1=" " ind2=" " tag="042"><subfield code="a">msc</subfield></datafield><datafield ind1="0" ind2="4" tag="245"><subfield code="a">The Perry County news.</subfield></datafield><datafield ind1=" " ind2=" " tag="260"><subfield code="a">New Augusta, Perry Co., Miss. :</subfield><subfield code="b">Eugene Terry</subfield></datafield><datafield ind1=" " ind2=" " tag="310"><subfield code="a">Weekly</subfield></datafield><datafield ind1="1" ind2=" " tag="362"><subfield code="a">Began in 1912; ceased in 1924.</subfield></datafield><datafield ind1=" " ind2=" " tag="588"><subfield code="a">Description based on: Vol. 4, no. 20 (Apr. 15, 1915).</subfield></datafield><datafield ind1=" " ind2=" " tag="752"><subfield code="a">United States</subfield><subfield code="b">Mississippi</subfield><subfield code="c">Perry</subfield><subfield code="d">New Augusta.</subfield></datafield><datafield ind1="0" ind2="4" tag="785"><subfield code="t">Richton dispatch</subfield></datafield></record>